2011/04/01 serveraxis.com
    Expenses:Computer:Internet                $15.00
    Expenses:Computer:Internet                 $1.10
    Liabilities:MasterCard

2011/04/05 Pennsylvania toll booth
    Expenses:Auto:Fees                        $13.00
    Expenses:Cash

2011/04/05 iTunes
    Expenses:Music                             $1.29
    Expenses:Taxes:Sales                       $0.09
    Liabilities:MasterCard                    $-1.38

2011/04/19 iTunes
    Expenses:Computer:Software                 $4.99
    Expenses:Taxes:Sales                       $0.35
    Liabilities:MasterCard                    $-5.34

2011/04/24 iTunes
    Expenses:Movies                            $1.99
    Expenses:Movies                            $2.99
    Expenses:Taxes:Sales                       $0.35
    Liabilities:MasterCard                    $-5.33

2011/04/29 iTunes
    Expenses:Computer:Movies                   $0.99
    Expenses:Taxes:Sales                       $0.07
    Liabilities:MasterCard                    $-1.06

2011/05/01 serveraxis.com
    Expenses:Computer:Internet                $15.00
    Expenses:Computer:Internet                 $1.10
    Liabilities:MasterCard

2011/05/18 iTunes
    Expenses:Computer:Software                 $6.99
    Expenses:Taxes:Sales                       $0.49
    Liabilities:MasterCard                    $-7.48

2011/05/20 DynDNS.com
    Expenses:Computer:Internet                $15.00
    Liabilities:MasterCard

2011/05/20 DynDNS.com
    Expenses:Computer:Internet                $15.00
    Liabilities:MasterCard

2011/05/27 iTunes
    Expenses:Movies                            $1.99
    Expenses:Movies                            $1.99
    Expenses:Movies                            $1.99
    Expenses:Taxes:Sales                       $0.42
    Liabilities:MasterCard                    $-6.39

2011/05/26 Valero
    Expenses:Auto:Gas                         $26.79
    Liabilities:MasterCard

2011/05/26 Starbucks
    Expenses:Food                              $2.20
    Expenses:Taxes:Sales                       $0.15
    Liabilities:MasterCard                    $-2.35

2011/05/26 La Mex
    Expenses:Food                             $17.70
    Expenses:Taxes:Sales                       $1.11
    Expenses:Tips                              $3.00
    Liabilities:MasterCard                   $-21.81

2011/05/27 Leaves N Beans
    Expenses:Food:Dining                      $20.98
    Expenses:Taxes:Sales                       $1.63
    Expenses:Tips                              $2.00
    Liabilities:MasterCard                   $-24.61

2011/05/27 Wal*Mart
    Expenses:Home:Supplies                     $7.97
    Expenses:Food:Grocery                      $3.25
    Expenses:Food:Grocery                      $3.18
    Expenses:Food:Grocery                      $3.18
    Expenses:Food:Grocery                      $2.98
    Expenses:Food:Grocery                      $1.98
    Expenses:Food:Grocery                      $3.98
    Expenses:Food:Grocery                      $3.58
    Expenses:Food:Grocery                      $3.58
    Expenses:Food:Grocery                      $1.58
    Expenses:Food:Grocery                      $1.88
    Expenses:Food:Grocery                      $2.50
    Expenses:Food:Grocery                      $1.26
    Expenses:Food:Grocery                      $2.62
    Expenses:Food:Grocery                      $3.48
    Expenses:Home:Supplies                     $1.37
    Expenses:Home:Supplies                     $2.92
    Expenses:Beauty                            $3.38
    Expenses:Beauty                            $0.97
    Expenses:Beauty                            $4.64
    Expenses:Beauty                            $1.97
    Expenses:Beauty                            $1.97
    Expenses:Beauty                            $5.98
    Expenses:Home:Supplies                     $9.98
    Expenses:Bedding                           $4.00
    Expenses:Bedding                           $4.00
    Expenses:Home:Supplies                     $2.88
    Expenses:Home:Supplies                     $2.88
    Expenses:Home:Supplies                     $2.88
    Expenses:Home:Supplies                     $2.88
    Expenses:Clothing                          $2.96
    Expenses:Supplies                          $0.84
    Expenses:Food:Grocery                      $1.38
    Expenses:Food:Grocery                      $1.38
    Expenses:Food:Grocery                      $2.32
    Expenses:Food:Grocery                      $2.00
    Expenses:Food:Grocery                      $2.98
    Expenses:Food:Grocery                      $3.00
    Expenses:Food:Grocery                      $2.14
    Expenses:Food:Grocery                      $2.14
    Expenses:Food:Grocery                      $2.50
    Expenses:Food:Grocery                      $2.50
    Expenses:Food:Grocery                      $3.48
    Expenses:Home:Supplies                     $1.17
    Expenses:Supplies                          $3.00
    Expenses:Bedding                          $34.88
    Expenses:Home                              $6.00
    Expenses:Home                              $6.00
    Expenses:Home:Supplies                     $3.97
    Expenses:Food:Grocery                      $0.78
    Expenses:Food:Grocery                      $0.78
    Expenses:Food:Grocery                      $0.78
    Expenses:Food:Grocery                      $0.78
    Expenses:Home                              $4.00
    Expenses:Home                              $4.00
    Expenses:Home                             $10.87
    Expenses:Home                              $4.00
    Expenses:Bedding                          $65.96
    Expenses:Taxes:Sales                      $16.89
    Expenses:Taxes:Sales                       $0.65
    Liabilities:MasterCard                  $-293.83

2011/05/27 Asia Grill
    Expenses:Food:Dining                      $28.63
    Expenses:Tips                              $4.00
    Liabilities:MasterCard                   $-32.63

2011/05/28 Shell
    Expenses:Auto:Gas                         $43.41
    Liabilities:MasterCard

2011/05/28 Sears
    Expenses:Home                          $1,728.96
    Expenses:Taxes:Sales                     $136.87
    Liabilities:MasterCard                $-1,865.83

2011/05/28 Sears
    Expenses:Home                             $99.61
    Expenses:Taxes:Sales                       $8.22
    Liabilities:MasterCard                  $-107.83

2011/05/28 Buffalo Wild Wings
    Expenses:Food:Dining                      $22.98
    Expenses:Tips                              $2.35
    Expenses:Taxes:Sales                       $3.50
    Liabilities:MasterCard                   $-28.83

2011/05/28 Cold Stone Creamery
    Expenses:Food:Dining                       $5.73
    Expenses:Tips                              $0.50
    Liabilities:MasterCard                    $-6.23

2011/05/29 Hy Vee
    Expenses:Supplies                          $2.00
    Expenses:Supplies                          $7.99
    Expenses:Supplies                          $7.99
    Expenses:Food:Grocery                    $157.64
    Expenses:Taxes:Sales                       $5.74
    Liabilities:MasterCard                  $-181.36

2011/05/30 Allied movers, Fidel & Manny
    Expenses:Tips                             $97.00
    Expenses:Cash

2011/05/30 Starbucks
    Expenses:Food:Dining                       $6.90
    Expenses:Taxes:Sales                       $0.71
    Liabilities:MasterCard                    $-7.61

2011/05/31 Wal*Mart
    Expenses:Home                            $108.13
    Expenses:Taxes:Sales                       $8.65
    Liabilities:MasterCard                  $-116.78